@article{raphel2014man,
  title={The Man Who Built Catan},
  author={Adrienne Raphel},
  journal={The New Yorker},
  year={2014},
  url={http://www.newyorker.com/business/currency/the-man-who-built-catan},
  urldate={2016-11-08}
}

@online{bgg1,
 title = {Catan},
 author = {BoardGameGeek},
 year = {2016},
 url = 	{https://boardgamegeek.com/boardgame/13/catan},
 urldate = {2016-11-08}
}

@inproceedings{colaco2015happened,
  title={What Happened and Why? A Mixed Architecture for Planning and Explanation Generation in Robotics},
  author={Colaco, Zenon and Sridharan, Mohan},
  booktitle={Australasian Conference on Robotics and Automation},
  pages={2--4},
  year={2015},
  organization={Citeseer}
}

@inproceedings{sridharan2016tale,
  title={A tale of many explanations: towards an explanation generation system for robots},
  author={Sridharan, Mohan and Meadows, Ben and Colaco, Zenon},
  booktitle={Proceedings of the 31st Annual ACM Symposium on Applied Computing},
  pages={260--267},
  year={2016},
  organization={ACM}
}

@inproceedings{szita2009monte,
  title={Monte-carlo tree search in settlers of catan},
  author={Szita, Istv{\'a}n and Chaslot, Guillaume and Spronck, Pieter},
  booktitle={Advances in Computer Games},
  pages={21--32},
  year={2009},
  organization={Springer}
}

@inproceedings{pfeiffer2004reinforcement,
  title={Reinforcement learning of strategies for Settlers of Catan},
  author={Pfeiffer, Michael},
  booktitle={Proceedings of the International Conference on Computer Games: Artificial Intelligence, Design and Education},
  year={2004}
}

@article{silver2016mastering,
  title={Mastering the game of Go with deep neural networks and tree search},
  author={Silver, David and Huang, Aja and Maddison, Chris J and Guez, Arthur and Sifre, Laurent and Van Den Driessche, George and Schrittwieser, Julian and Antonoglou, Ioannis and Panneershelvam, Veda and Lanctot, Marc and others},
  journal={Nature},
  volume={529},
  number={7587},
  pages={484--489},
  year={2016},
  publisher={Nature Publishing Group}
}

@article{sheppard2002world,
  title={World-championship-caliber Scrabble},
  author={Sheppard, Brian},
  journal={Artificial Intelligence},
  volume={134},
  number={1},
  pages={241--275},
  year={2002},
  publisher={Elsevier}
}

@article{watkins1992q,
  title={Q-learning},
  author={Watkins, Christopher JCH and Dayan, Peter},
  journal={Machine learning},
  volume={8},
  number={3-4},
  pages={279--292},
  year={1992},
  publisher={Springer}
}

@inproceedings{chaslot2008monte,
  title={Monte-Carlo Tree Search: A New Framework for Game AI.},
  author={Chaslot, Guillaume and Bakkes, Sander and Szita, Istvan and Spronck, Pieter},
  booktitle={AIIDE},
  year={2008}
}

@article{mnih2015human,
  title={Human-level control through deep reinforcement learning},
  author={Mnih, Volodymyr and Kavukcuoglu, Koray and Silver, David and Rusu, Andrei A and Veness, Joel and Bellemare, Marc G and Graves, Alex and Riedmiller, Martin and Fidjeland, Andreas K and Ostrovski, Georg and others},
  journal={Nature},
  volume={518},
  number={7540},
  pages={529--533},
  year={2015},
  publisher={Nature Publishing Group}
}

@article{lifschitz2002answer,
  title={Answer set programming and plan generation},
  author={Lifschitz, Vladimir},
  journal={Artificial Intelligence},
  volume={138},
  number={1},
  pages={39--54},
  year={2002},
  publisher={Elsevier}
}