@article{raphel2014man,
  title={The Man Who Built Catan},
  author={Adrienne Raphel},
  journal={The New Yorker},
  year={2014},
  url={http://www.newyorker.com/business/currency/the-man-who-built-catan},
  urldate={2016-11-08}
}

@online{bgg1,
 title = {Catan},
 author = {BoardGameGeek},
 year = {2016},
 url = 	{https://boardgamegeek.com/boardgame/13/catan},
 urldate = {2016-11-08}
}

@online{moninJsettlers,
 title = {JSettlers2},
 author = {Jeremy Monin},
 year = {2016},
 url = {http://nand.net/jsettlers/},
 urldate = {2016-11-09}
}

@online{variety2015,
 title = {‘Settlers of Catan’ Movie, TV Project in the Works},
 author = {McNary, Dave},
 year = {2015},
 url = {http://variety.com/2015/film/news/settlers-of-catan-movie-tv-project-gail-katz-1201437121/},
 urldate = {2017-03-31}
}

@online{spielDesJahr, 
 title = {"Die Siedler von Catan"},
 author = {{Speil des Jahres}},
 url = {http://spieldesjahres.com/en/die-siedler-von-catan},
 urldate = {2017-03-31}
}

@inproceedings{colaco2015happened,
  title={What Happened and Why? A Mixed Architecture for Planning and Explanation Generation in Robotics},
  author={Colaco, Zenon and Sridharan, Mohan},
  booktitle={Australasian Conference on Robotics and Automation},
  pages={2--4},
  year={2015},
  organization={Citeseer}
}

@inproceedings{sridharan2016tale,
  title={A tale of many explanations: towards an explanation generation system for robots},
  author={Sridharan, Mohan and Meadows, Ben and Colaco, Zenon},
  booktitle={Proceedings of the 31st Annual ACM Symposium on Applied Computing},
  pages={260--267},
  year={2016},
  organization={ACM}
}

@inproceedings{szita2009monte,
  title={Monte-carlo tree search in settlers of catan},
  author={Szita, Istv{\'a}n and Chaslot, Guillaume and Spronck, Pieter},
  booktitle={Advances in Computer Games},
  pages={21--32},
  year={2009},
  organization={Springer}
}

@inproceedings{pfeiffer2004reinforcement,
  title={Reinforcement learning of strategies for Settlers of Catan},
  author={Pfeiffer, Michael},
  booktitle={Proceedings of the International Conference on Computer Games: Artificial Intelligence, Design and Education},
  year={2004}
}

@article{silver2016mastering,
  title={Mastering the game of Go with deep neural networks and tree search},
  author={Silver, David and Huang, Aja and Maddison, Chris J and Guez, Arthur and Sifre, Laurent and Van Den Driessche, George and Schrittwieser, Julian and Antonoglou, Ioannis and Panneershelvam, Veda and Lanctot, Marc and others},
  journal={Nature},
  volume={529},
  number={7587},
  pages={484--489},
  year={2016},
  publisher={Nature Publishing Group}
}

@article{sheppard2002world,
  title={World-championship-caliber Scrabble},
  author={Sheppard, Brian},
  journal={Artificial Intelligence},
  volume={134},
  number={1},
  pages={241--275},
  year={2002},
  publisher={Elsevier}
}

@article{watkins1992q,
  title={Q-learning},
  author={Watkins, Christopher JCH and Dayan, Peter},
  journal={Machine learning},
  volume={8},
  number={3-4},
  pages={279--292},
  year={1992},
  publisher={Springer}
}

@inproceedings{chaslot2008monte,
  title={Monte-Carlo Tree Search: A New Framework for Game AI.},
  author={Chaslot, Guillaume and Bakkes, Sander and Szita, Istvan and Spronck, Pieter},
  booktitle={AIIDE},
  year={2008}
}

@article{mnih2015human,
  title={Human-level control through deep reinforcement learning},
  author={Mnih, Volodymyr and Kavukcuoglu, Koray and Silver, David and Rusu, Andrei A and Veness, Joel and Bellemare, Marc G and Graves, Alex and Riedmiller, Martin and Fidjeland, Andreas K and Ostrovski, Georg and others},
  journal={Nature},
  volume={518},
  number={7540},
  pages={529--533},
  year={2015},
  publisher={Nature Publishing Group}
}

@article{lifschitz2002answer,
  title={Answer set programming and plan generation},
  author={Lifschitz, Vladimir},
  journal={Artificial Intelligence},
  volume={138},
  number={1},
  pages={39--54},
  year={2002},
  publisher={Elsevier}
}

@article{melko2007optimal,
  title={Optimal strategy in games with chance nodes.},
  author={Melk{\'o}, Ervin and Nagy, Benedek},
  journal={Acta Cybern.},
  volume={18},
  number={2},
  pages={171--192},
  year={2007}
}

@inproceedings{guhe2014game,
  title={Game strategies for the Settlers of Catan},
  author={Guhe, Markus and Lascarides, Alex},
  booktitle={Computational Intelligence and Games (CIG), 2014 IEEE Conference on},
  pages={1--8},
  year={2014},
  organization={IEEE}
}

@thesis{keep2010,
 title={Settlers of Catan Analysis}	,
 author = {Keep, Peter},
 year = {2010}
}

@article{roelofs2012monte,
  title={Monte carlo tree search in a modern board game framework},
  author={Roelofs, G},
  journal={Research paper available at umimaas. nl},
  year={2012}
}

@article{thomas2003real,
  title={Real-time decision making for adversarial environments using a plan-based heuristic},
  author={Thomas, Robert Shaun},
  year={2003},
  publisher={Northwestern University}
}

@article{branca2007using,
  title={Using multi-agent system technologies in settlers of catan bots},
  author={Branca, Luca and Johansson, Stefan J},
  journal={City},
  volume={2},
  pages={3},
  year={2007},
  publisher={Citeseer}
}

@inproceedings{afantenos2012developing,
  title={Developing a corpus of strategic conversation in the settlers of catan},
  author={Afantenos, Stergos and Asher, Nicholas and Benamara, Farah and Cadilhac, Ana{\"\i}s and D{\'e}gremont, C{\'e}dric and Denis, Pascal and Guhe, Markus and Keizer, Simon and Lascarides, Alex and Lemon, Oliver and others},
  booktitle={SeineDial 2012-The 16th Workshop On The Semantics and Pragmatics Of Dialogue},
  year={2012}
}

@article{browne2012survey,
  title={A survey of monte carlo tree search methods},
  author={Browne, Cameron B and Powley, Edward and Whitehouse, Daniel and Lucas, Simon M and Cowling, Peter I and Rohlfshagen, Philipp and Tavener, Stephen and Perez, Diego and Samothrakis, Spyridon and Colton, Simon},
  journal={IEEE Transactions on Computational Intelligence and AI in games},
  volume={4},
  number={1},
  pages={1--43},
  year={2012},
  publisher={IEEE}
}

@article{van2007monte,
  title={Monte-Carlo tree search in backgammon},
  author={Van Lishout, Fran{\c{c}}ois and Chaslot, Guillaume and Uiterwijk, Jos WHM},
  year={2007}
}

@inproceedings{silver2009monte,
  title={Monte-Carlo simulation balancing},
  author={Silver, David and Tesauro, Gerald},
  booktitle={Proceedings of the 26th Annual International Conference on Machine Learning},
  pages={945--952},
  year={2009},
  organization={ACM}
}

@inproceedings{silver2007reinforcement,
  title={Reinforcement Learning of Local Shape in the Game of Go.},
  author={Silver, David and Sutton, Richard S and M{\"u}ller, Martin},
  booktitle={IJCAI},
  volume={7},
  pages={1053--1058},
  year={2007}
}

@article{gelly2006modification,
  title={Modification of UCT with patterns in Monte-Carlo Go},
  author={Gelly, Sylvain and Wang, Yizao and Teytaud, Olivier and Patterns, Modification Uct and Tao, Projet},
  year={2006},
  publisher={Citeseer}
}

@inproceedings{bjarnason2009lower,
  title={Lower Bounding Klondike Solitaire with Monte-Carlo Planning.},
  author={Bjarnason, Ronald and Fern, Alan and Tadepalli, Prasad},
  booktitle={ICAPS},
  year={2009}
}

@article{veness2011monte,
  title={A monte-carlo aixi approximation},
  author={Veness, Joel and Ng, Kee Siong and Hutter, Marcus and Uther, William and Silver, David},
  journal={Journal of Artificial Intelligence Research},
  volume={40},
  number={1},
  pages={95--142},
  year={2011}
}

@inproceedings{kocsis2006bandit,
  title={Bandit based monte-carlo planning},
  author={Kocsis, Levente and Szepesv{\'a}ri, Csaba},
  booktitle={European conference on machine learning},
  pages={282--293},
  year={2006},
  organization={Springer}
}

@article{auer2002finite,
  title={Finite-time analysis of the multiarmed bandit problem},
  author={Auer, Peter and Cesa-Bianchi, Nicolo and Fischer, Paul},
  journal={Machine learning},
  volume={47},
  number={2-3},
  pages={235--256},
  year={2002},
  publisher={Springer}
}

@article{chaslot2008cross,
  title={Cross-entropy for Monte-Carlo tree search},
  author={Chaslot, Guillaume M JB and Winands, Mark HM and Szita, Istvan and van den Herik, H Jaap},
  year={2008},
  publisher={Citeseer}
}

@article{kozelek2009methods,
  title={Methods of MCTS and the game Arimaa},
  author={Kozelek, Tomas},
  journal={Charles University, Prague, Faculty of Mathematics and Physics},
  year={2009}
}

@book{churchland2016computational,
  title={The computational brain},
  author={Churchland, Patricia S and Sejnowski, Terrence J},
  year={2016},
  publisher={MIT press}
}

@article{chang2016google,
  title={Google Deep Mind's AlphaGo},
  author={Chang, Hyeong Soo and Fu, Michael C and Hu, Jiaqiao and Marcus, Steven I},
  journal={OR/MS Today},
  year={2016}
}

@article{champandard2014monte,
  title={Monte-Carlo tree search in TOTAL WAR: ROME II’s campaign AI},
  author={Champandard, Alex J},
  url={AIGameDev.com: http://aigamedev.com/open/coverage/mcts-rome-ii},
  year={2014}
}

@inproceedings{van2009monte,
  title={Monte-Carlo tree search in poker using expected reward distributions},
  author={Van den Broeck, Guy and Driessens, Kurt and Ramon, Jan},
  booktitle={Asian Conference on Machine Learning},
  pages={367--381},
  year={2009},
  organization={Springer}
}

@book{russell1995modern,
  title={Artificial Intelligence - A Modern Approach},
  author={Russell, Stuart and Norvig, Peter},
  year={1995},
}

@book{pearl1984heuristics,
  title={Heuristics: intelligent search strategies for computer problem solving},
  author={Pearl, Judea},
  year={1984},
  publisher={Addison-Wesley Pub. Co., Inc., Reading, MA}
}

@article{tesauro1995temporal,
  title={Temporal difference learning and TD-Gammon},
  author={Tesauro, Gerald},
  journal={Communications of the ACM},
  volume={38},
  number={3},
  pages={58--68},
  year={1995}
}

@article{richards1998evolving,
  title={Evolving neural networks to play Go},
  author={Richards, Norman and Moriarty, David E and Miikkulainen, Risto},
  journal={Applied Intelligence},
  volume={8},
  number={1},
  pages={85--96},
  year={1998},
  publisher={Springer}
}

@inproceedings{kojima1997evolutionary,
  title={An evolutionary algorithm extended by ecological analogy and its application to the game of Go},
  author={Kojima, Takuya and Ueda, Kazuhiro and Nagano, Saburo},
  booktitle={IJCAI (1)},
  pages={684--691},
  year={1997}
}

@article{fogel2004self,
  title={A self-learning evolutionary chess program},
  author={Fogel, David B and Hays, Timothy J and Hahn, Sarah L and Quon, James},
  journal={Proceedings of the IEEE},
  volume={92},
  number={12},
  pages={1947--1954},
  year={2004},
  publisher={IEEE}
}

@article{axelrod1987evolution,
  title={The evolution of strategies in the iterated prisoner’s dilemma},
  author={Axelrod, Robert and others},
  journal={The dynamics of norms},
  pages={1--16},
  year={1987}
}

@book{kendall2007iterated,
  title={The iterated prisoners' dilemma: 20 years on},
  author={Kendall, Graham and Yao, Xin and Chong, Siang Yew},
  volume={4},
  year={2007},
  publisher={World Scientific}
}

@online{moninJset,
 title = {JSettlers2},
 author = {Monin, Jeremy},
 url = {http://nand.net/jsettlers/},
 urldate= {2017-04-08}
}

@article{kunzintroduction,
  title={An Introduction to Temporal Difference Learning},
  author={Kunz, Florian}
}


@article{campbell2002deep,
  title={Deep blue},
  author={Campbell, Murray and Hoane, A Joseph and Hsu, Feng-hsiung},
  journal={Artificial intelligence},
  volume={134},
  number={1-2},
  pages={57--83},
  year={2002},
  publisher={Elsevier}
}

@inproceedings{burmeister1995challenge,
  title={The challenge of Go as a domain for AI research: a comparison between Go and chess},
  author={Burmeister, Jay and Wiles, Janet},
  booktitle={Intelligent Information Systems, 1995. ANZIIS-95. Proceedings of the Third Australian and New Zealand Conference on},
  pages={181--186},
  year={1995},
  organization={IEEE}
}