@article{sriharan2015,
	author 		= {Zenon Colaco and Mohan Sridharan},
	title 		= {What Happened and Why? A Mixed Architecture for Planning and Explanation Generation in Robotics},
	year 		= {2015},
	institution = {The University of Auckland, NZ}
}

@inproceedings{sriharan2016,
	author = {Mohan Sridharan and Ben Meadows and Zenon Colaco},
	editor = {editor},
	title = {A Tale of Many Explanations: Towards An Explanation Generation System for Robots},
	booktitle = {booktitle},
	date = {2016},
	eventtitle = {ACM/SIGAPP Symposium on Applied Computing},
	eventdate = {April 4-8, 2016},
	venue = {Pisa, Italy},
}
